@inproceedings{hu2022lora,
  author       = {Edward J. Hu and Yelong Shen and Phillip Wallis and Zeyuan Allen-Zhu and Yuanzhi Li and Shean Wang and Lu Wang and Weizhu Chen},
  title        = {{LoRA}: Low-Rank Adaptation of Large Language Models},
  booktitle    = {International Conference on Learning Representations (ICLR)},
  year         = {2022}
}

@inproceedings{zhang2023adalora,
  author       = {Qingru Zhang and Minshuo Chen and Alexander Bukharin and Pengcheng He and Yu Cheng and Weizhu Chen and Tuo Zhao},
  title        = {AdaLoRA: Adaptive Budget Allocation for Parameter-Efficient Fine-Tuning},
  booktitle    = {International Conference on Learning Representations (ICLR)},
  year         = {2023}
}

@article{dettmers2023qlora,
  author  = {Tim Dettmers and Artidoro Pagnoni and Ari Holtzman and Luke Zettlemoyer},
  title   = {{QLoRA}: Efficient Finetuning of Quantized LLMs},
  journal = {arXiv preprint arXiv:2305.14314},
  year    = {2023}
}

@inproceedings{lundberg2017shap,
  author       = {Scott M. Lundberg and Su-In Lee},
  title        = {A Unified Approach to Interpreting Model Predictions},
  booktitle    = {Advances in Neural Information Processing Systems (NeurIPS)},
  year         = {2017}
}

@inproceedings{sundararajan2017integrated,
  author       = {Mukund Sundararajan and Ankur Taly and Qiqi Yan},
  title        = {Axiomatic Attribution for Deep Networks},
  booktitle    = {International Conference on Machine Learning (ICML)},
  year         = {2017}
}

@inproceedings{ribeiro2016lime,
  author       = {Marco Tulio Ribeiro and Sameer Singh and Carlos Guestrin},
  title        = {"Why Should I Trust You?": Explaining the Predictions of Any Classifier},
  booktitle    = {ACM SIGKDD International Conference on Knowledge Discovery and Data Mining (KDD)},
  year         = {2016}
}

@inproceedings{jain2019attention,
  author       = {Sarthak Jain and Byron C. Wallace},
  title        = {Attention is not Explanation},
  booktitle    = {Conference of the North American Chapter of the Association for Computational Linguistics (NAACL)},
  year         = {2019}
}

@inproceedings{adebayo2018sanity,
  author       = {Julius Adebayo and Justin Gilmer and Michael Muelly and Ian Goodfellow and Moritz Hardt and Been Kim},
  title        = {Sanity Checks for Saliency Maps},
  booktitle    = {Advances in Neural Information Processing Systems (NeurIPS)},
  year         = {2018}
}

@inproceedings{hooker2019roar,
  author       = {Sara Hooker and Dumitru Erhan and Pieter-Jan Kindermans and Been Kim},
  title        = {A Benchmark for Interpretability Methods in Deep Neural Networks},
  booktitle    = {Advances in Neural Information Processing Systems (NeurIPS)},
  year         = {2019}
}

@article{wachter2017counterfactual,
  author  = {Sandra Wachter and Brent Mittelstadt and Chris Russell},
  title   = {Counterfactual Explanations without Opening the Black Box: Automated Decisions and the GDPR},
  journal = {Harvard Journal of Law \& Technology},
  year    = {2017}
}

@article{doshi2017towards,
  author  = {Finale Doshi-Velez and Been Kim},
  title   = {Towards a Rigorous Science of Interpretable Machine Learning},
  journal = {arXiv preprint arXiv:1702.08608},
  year    = {2017}
}

@inproceedings{chen2018learning,
  author       = {Jianbo Chen and Le Song and Martin J. Wainwright and Michael I. Jordan},
  title        = {Learning to Explain: An Information-Theoretic Perspective on Model Interpretation},
  booktitle    = {International Conference on Machine Learning (ICML)},
  year         = {2018}
}

@inproceedings{bang2019vibi,
  author       = {Yongyi Bang and Xianjun Yang and Yudong Chen and Chang Liu and Xiaoliang Wang and Stelle Song and Erick C. Young},
  title        = {Explaining Deep Neural Networks with a Variational Information Bottleneck},
  booktitle    = {International Conference on Learning Representations (ICLR) Workshop},
  year         = {2019}
}

@inproceedings{covert2020sage,
  author       = {Ian Covert and Ryan Lundberg and Su-In Lee},
  title        = {Understanding Global Feature Contributions with Additive Importance Measures},
  booktitle    = {International Conference on Machine Learning (ICML)},
  year         = {2020}
}

@inproceedings{han2023ace,
  author       = {Jinsung Han and Pavlos Protopapas},
  title        = {ACE: Automated Concept-Based Explanations},
  booktitle    = {International Conference on Machine Learning (ICML)},
  year         = {2023}
}

@inproceedings{devlin2019bert,
  author       = {Jacob Devlin and Ming-Wei Chang and Kenton Lee and Kristina Toutanova},
  title        = {BERT: Pre-training of Deep Bidirectional Transformers for Language Understanding},
  booktitle    = {Conference of the North American Chapter of the Association for Computational Linguistics (NAACL)},
  year         = {2019}
}

@techreport{radford2019gpt2,
  author       = {Alec Radford and Jeff Wu and Rewon Child and David Luan and Dario Amodei and Ilya Sutskever},
  title        = {Language Models are Unsupervised Multitask Learners},
  institution  = {OpenAI},
  year         = {2019}
}

@inproceedings{wang2018glue,
  author       = {Alex Wang and Amanpreet Singh and Julian Michael and Felix Hill and Omer Levy and Samuel R. Bowman},
  title        = {GLUE: A Multi-Task Benchmark and Analysis Platform for Natural Language Understanding},
  booktitle    = {International Conference on Learning Representations (ICLR) Workshop},
  year         = {2019}
}

@article{merity2016wikitext,
  author       = {Stephen Merity and Caiming Xiong and James Bradbury and Richard Socher},
  title        = {Pointer Sentinel Mixture Models},
  journal      = {arXiv preprint arXiv:1609.07843},
  year         = {2016}
}